我将修改润色引用文献的BibTeX格式，使其符合ACM MobiHoc的正规格式。ACM使用的是一种标准化的引用格式，下面是修改后的内容：

```latex
@inproceedings{Gao2022,
  author    = {Gao, Junhui and Pan, Yan and Li, Zhigang and Han, Qingye and Chen, Qianwu},
  title     = {Leveraging Public Buses to Relay {UAVs} for On-Demand Applications},
  booktitle = {Proceedings of the 28th Annual International Conference on Mobile Computing And Networking},
  series    = {MobiCom '22},
  year      = {2022},
  month     = oct,
  pages     = {907--909},
  publisher = {ACM},

  address   = {New York, NY, USA},
  location  = {Sydney, NSW, Australia},
  doi       = {10.1145/3495243.3558279},
  isbn      = {978-1-4503-9181-8}
}

@inproceedings{Seth2024,
  author    = {Seth, Avishkar and James, Alice and Kuantama, Endrowednes and Han, Richard and Mukhopadhyay, Subhas},
  title     = {{AeroBridge}: {Autonomous} {Drone} {Handoff} {System} for {Emergency} {Battery} {Service}},
  booktitle = {Proceedings of the 30th Annual International Conference on Mobile Computing and Networking},
  series    = {MobiCom '24},
  year      = {2024},
  month     = may,
  pages     = {573--587},
  publisher = {ACM},
  address   = {New York, NY, USA},
  location  = {Washington D.C., USA},
  doi       = {10.1145/3636534.3649382},
  isbn      = {979-8-4007-0489-5}
}

@inproceedings{Sharma2023,
  author    = {Sharma, Suryansh and Simha, Ashutosh and Prasad, Venkatesha and Deshmukh, Shubham and Saravanan, Kavin Balaji and Ramesh, Ravi and Mottola, Luca},
  title     = {{BEAVIS}: {Balloon} {Enabled} {Aerial} {Vehicle} for {IoT} and {Sensing}},
  booktitle = {Proceedings of the 29th Annual International Conference on Mobile Computing and Networking},
  series    = {MobiCom '23},
  year      = {2023},
  month     = oct,
  pages     = {1--15},
  publisher = {ACM},

  address   = {New York, NY, USA},
  location  = {Madrid, Spain},
  doi       = {10.1145/3570361.3592498},
  isbn      = {978-1-4503-9990-6}
}

@article{1-smartCity_Transformation,
  author    = {Bansal, Maggi and Chana, Inderveer and Clarke, Siobh\'{a}n},
  title     = {{UrbanEnQoSPlace}: A Deep Reinforcement Learning Model for Service Placement of Real-Time Smart City {IoT} Applications},
  journal   = {IEEE Transactions on Services Computing},
  volume    = {16},
  number    = {4},
  year      = {2022},
  pages     = {3043--3060},
  publisher = {IEEE}
}

@article{2-smartCity_Resource_Allocation,
  author    = {Zeng, Yuanyuan and Zhou, Shujie and Xiang, Kai},
  title     = {Online-Offline Interactive Urban Crowd Flow Prediction Toward {IoT}-Based Smart City},
  journal   = {IEEE Transactions on Services Computing},
  volume    = {15},
  number    = {6},
  year      = {2021},
  pages     = {3417--3428},
  publisher = {IEEE}
}

@article{3-multi-hop,
  author    = {Hedges, Dene A and Coon, Justin P and Chen, Gaojie},
  title     = {A Continuum Model for Route Optimization in Large-Scale Inhomogeneous Multi-Hop Wireless Networks},
  journal   = {IEEE Transactions on Communications},
  volume    = {68},
  number    = {2},
  year      = {2019},
  pages     = {1058--1070},
  publisher = {IEEE}
}

@article{4-uavAdvantages1,
  author    = {Qi, Nan and Huang, Zanqi and Sun, Wen and Jin, Shi and Su, Xiang},
  title     = {Coalitional Formation-Based Group-Buying for {UAV}-Enabled Data Collection: An Auction Game Approach},
  journal   = {IEEE Transactions on Mobile Computing},
  volume    = {22},
  number    = {12},
  year      = {2022},
  pages     = {7420--7437},
  publisher = {IEEE}
}

@article{5-uavAdvantages2,
  author    = {Fu, Luwei and Zhao, Zhiwei and Min, Geyong and Miao, Wang and Zhao, Liang and Huang, Wenjie},
  title     = {Energy-Efficient {3-D} Data Collection for Multi-{UAV} Assisted Mobile Crowdsensing},
  journal   = {IEEE Transactions on Computers},
  volume    = {72},
  number    = {7},
  year      = {2022},
  pages     = {2025--2038},
  publisher = {IEEE}
}

@article{6-uavAdvantages3,
  author    = {Wang, Xueyuan and Gursoy, M Cenk},
  title     = {Resilient Path Planning for {UAVs} in Data Collection Under Adversarial Attacks},
  journal   = {IEEE Transactions on Information Forensics and Security},
  volume    = {18},
  year      = {2023},
  pages     = {2766--2779},
  publisher = {IEEE}
}

@inproceedings{7-dataCollection_timeReduce,
  author    = {Liu, Zhidan and Xing, Wei and Zeng, Bo and Wang, Yongchao and Lu, Dongming},
  title     = {Distributed Spatial Correlation-Based Clustering for Approximate Data Collection in {WSNs}},
  booktitle = {Proceedings of the 27th IEEE International Conference on Advanced Information Networking and Applications},
  series    = {AINA '13},
  year      = {2013},
  pages     = {56--63},
  publisher = {IEEE},
  doi       = {10.1109/AINA.2013.44}
}

@article{8-Minimizing_redundant,
  author    = {Guo, Zhenjie and Peng, Jian and Xu, Wenzheng and Liang, Weifa and Wu, Weigang and Xu, Zichuan and Guo, Bing and Wu, Yue Ivan},
  title     = {Minimizing Redundant Sensing Data Transmissions in Energy-Harvesting Sensor Networks via Exploring Spatial Data Correlations},
  journal   = {IEEE Internet of Things Journal},
  volume    = {8},
  number    = {1},
  year      = {2020},
  pages     = {512--527},
  publisher = {IEEE}
}

@article{9-towStage,
  author    = {Fu, Xiuwen and Deng, Chang and Guerrieri, Antonio},
  title     = {Low-{AoI} Data Collection in Integrated {UAV-UGV}-Assisted {IoT} Systems Based on Deep Reinforcement Learning},
  journal   = {Computer Networks},
  volume    = {259},
  month     = mar,
  year      = {2025},
  pages     = {111044},
  publisher = {Elsevier},
  doi       = {10.1016/j.comnet.2024.111044},
  issn      = {1389-1286}
}


@article{10-twoStage,
  author    = {Li, Xueqiang and Tao, Ming and Yang, Shuling and Jan, Mian Ahmad and Du, Jun and Liu, Lei and Wu, Celimuge},
  title     = {{AI}-Empowered Intelligent Search for Path Planning in {UAV}-Assisted Data Collection Networks},
  journal   = {IEEE Internet of Things Journal},
  volume    = {11},
  number    = {21},
  year      = {2024},
  pages     = {34492--34503},
  publisher = {IEEE},
  doi       = {10.1109/JIOT.2024.3395779},
  issn      = {2327-4662},
  keywords  = {Data collection, Autonomous aerial vehicles, Trajectory, Artificial intelligence, Internet of Things, Energy consumption, Clustering algorithms, Intelligent search, path planning, unmanned aerial vehicle (UAV)-assisted data collection}
}



@article{11-twoStage,
  author    = {Ding, Tong and Liu, Ning and Yan, Zhong-Min and Liu, Lei and Cui, Li-Zhen},
  title     = {An Efficient Reinforcement Learning Game Framework for {UAV}-Enabled Wireless Sensor Network Data Collection},
  journal   = {Journal of Computer Science and Technology},
  volume    = {37},
  number    = {6},
  year      = {2022},
  pages     = {1356--1368},
  publisher = {Springer}
}

@article{12-eachCluster-sequence,
  author    = {Li, Yuchen and Liang, Weifa and Xu, Wenzheng and Xu, Zichuan and Jia, Xiaohua and Xu, Yinlong and Kan, Haibin},
  title     = {Data Collection Maximization in {IoT}-Sensor Networks via an Energy-Constrained {UAV}},
  journal   = {IEEE Transactions on Mobile Computing},
  volume    = {22},
  number    = {1},
  year      = {2021},
  pages     = {159--174},
  publisher = {IEEE}
}

@article{13-UavenergyModel,
  author    = {Zeng, Yong and Xu, Jie and Zhang, Rui},
  title     = {Energy Minimization for Wireless Communication with Rotary-Wing {UAV}},
  journal   = {IEEE Transactions on Wireless Communications},
  volume    = {18},
  number    = {4},
  year      = {2019},
  pages     = {2329--2345},
  publisher = {IEEE}
}

@misc{14-IntelBerkeley2013,
  title        = {Intel {Berkeley} Research Lab Data},
  howpublished = {Available at \url{http://db.csail.mit.edu/labdata/labdata.html}},
  year         = {2013},
  note         = {Accessed: 2024-07-01}
}

@article{15-learning+greedy,
  author    = {Joshi, Chaitanya K and Cappart, Quentin and Rousseau, Louis-Martin and Laurent, Thomas},
  title     = {Learning the Travelling Salesperson Problem Requires Rethinking Generalization},
  journal   = {Constraints},
  volume    = {27},
  number    = {1},
  year      = {2022},
  pages     = {70--98},
  publisher = {Springer}
}

@article{16-GA,
  author    = {Madhusudhanan, Sheema and Jose, Arun Cyril and Sahoo, Jayakrushna and Malekian, Reza},
  title     = {{PRIM$\epsilon$}: Novel Privacy-Preservation Model With Pattern Mining and Genetic Algorithm},
  journal   = {IEEE Transactions on Information Forensics and Security},
  volume    = {19},
  year      = {2023},
  pages     = {571--585},
  publisher = {IEEE}
}

@article{17-SOM,
  author    = {Palomino Mari{\~n}o, Laura Maria and Tenorio de Carvalho, Francisco de Assis},
  title     = {Self-Organizing Maps with Adaptive Distances for Multiple Dissimilarity Matrices},
  journal   = {Machine Learning},
  volume    = {113},
  number    = {10},
  year      = {2024},
  pages     = {7783--7806},
  publisher = {Springer}
}

@article{18-ACO,
  author    = {Wang, Yiqian and Zhu, Jie and Huang, Haiping and Xiao, Fu},
  title     = {Bi-Objective Ant Colony Optimization for Trajectory Planning and Task Offloading in {UAV}-Enabled {MEC} Systems},
  journal   = {IEEE Transactions on Mobile Computing},
  volume    = {23},
  number    = {12},
  month     = dec,
  year      = {2024},
  pages     = {12360--12377},
  publisher = {IEEE},
  doi       = {10.1109/TMC.2024.3408603},
  issn      = {1536-1233}
}


@article{19-Multi-Objective_Ant_Colony_Optimization,
  author    = {Jia, Riheng and Fu, Qiyong and Zheng, Zhonglong and Zhang, Guanglin and Li, Minglu},
  title     = {Energy and Time Trade-Off Optimization for Multi-{UAV} Enabled Data Collection of {IoT} Devices},
  journal   = {IEEE/ACM Transactions on Networking},
  volume    = {32},
  number    = {6},
  month     = dec,
  year      = {2024},
  pages     = {5172--5187},
  publisher = {IEEE},
  doi       = {10.1109/TNET.2024.3450489},
  issn      = {1063-6692}
}


@inproceedings{20-GPUDA,
  author    = {Chang, Shu-Wei and Kuo, Jian-Jhih and Kao, Mong-Jen and Chen, Bo-Zhong and Wang, Qian-Jing},
  title     = {Near-Optimal {UAV} Deployment for Delay-Bounded Data Collection in {IoT} Networks},
  booktitle = {Proceedings of the IEEE Conference on Computer Communications},
  series    = {INFOCOM '24},
  year      = {2024},
  pages     = {111--120},
  publisher = {IEEE}
}

@inproceedings{21-ROI,
  author    = {Cao, Ruide and Ye, Jiao and You, Qian and Xu, Jianghan and Wang, Yi and Jiang, Shiyu and Li, Yaomin},
  title     = {A Novel Region-of-Interest Based {UAV} Planning Strategy for Mitigating Urban Peak Demand},
  booktitle = {Proceedings of the 24th International Symposium on Theory, Algorithmic Foundations, and Protocol Design for Mobile Networks and Mobile Computing},
  series    = {MobiHoc '23},
  year      = {2023},
  pages     = {300--301},
  publisher = {ACM},
  address   = {New York, NY, USA}
}

@article{22-minimizing_AOI,
  author    = {Zhan, Cheng and Hu, Han and Wang, Jing and Liu, Zhi and Mao, Shiwen},
  title     = {Tradeoff Between Age of Information and Operation Time for {UAV} Sensing Over Multi-Cell Cellular Networks},
  journal   = {IEEE Transactions on Mobile Computing},
  volume    = {23},
  number    = {4},
  year      = {2023},
  pages     = {2976--2991},
  publisher = {IEEE}
}

@article{23-CMDP,
  author    = {Ning, Zhaolong and Ji, Hongjing and Wang, Xiaojie and Ngai, Edith C. H. and Guo, Lei and Liu, Jiangchuan},
  title     = {Joint Optimization of Data Acquisition and Trajectory Planning for {UAV}-Assisted Wireless Powered {Internet of Things}},
  journal   = {IEEE Transactions on Mobile Computing},
  volume    = {24},
  number    = {2},
  month     = feb,
  year      = {2025},
  pages     = {1016--1030},
  publisher = {IEEE},
  doi       = {10.1109/TMC.2024.3470831},
  issn      = {1536-1233}
}


@article{24-DDPG,
  author    = {Dai, Bin and Niu, Jianwei and Ren, Tao and Hu, Zheyuan and Atiquzzaman, Mohammed},
  title     = {Towards Energy-Efficient Scheduling of {UAV} and Base Station Hybrid Enabled Mobile Edge Computing},
  journal   = {IEEE Transactions on Vehicular Technology},
  volume    = {71},
  number    = {1},
  year      = {2021},
  pages     = {915--930},
  publisher = {IEEE}
}

@inproceedings{25-combinedRL_IL,
  author    = {Farley, Jack and Chapnevis, Amirahmad and Bulut, Eyuphan},
  title     = {Generalized Path Planning for Collaborative {UAVs} Using Reinforcement and Imitation Learning},
  booktitle = {Proceedings of the 24th International Symposium on Theory, Algorithmic Foundations, and Protocol Design for Mobile Networks and Mobile Computing},
  series    = {MobiHoc '23},
  year      = {2023},
  pages     = {457--462},
  publisher = {ACM},
  address   = {New York, NY, USA},
  doi       = {10.1145/3565287.3610192},
  isbn      = {979-8-4007-0089-7}
}

@article{MCTS,
  author    = {Fu, Zhang-Hua and Qiu, Kai-Bin and Qiu, Meng and Zha, Hongyuan},
  title     = {Targeted Sampling of Enlarged Neighborhood via {Monte Carlo} Tree Search for {TSP}},
  journal   = {arXiv preprint arXiv:1909.07161},
  year      = {2019},
  eprint    = {1909.07161},
  archivePrefix = {arXiv},
  primaryClass = {cs.AI}
}






